<?xml version="1.0" encoding="UTF-8"?><collection xmlns="http://www.loc.gov/MARC21/slim"><record><leader>00423nam--2200157-i-4500</leader><controlfield tag="001">000025189</controlfield><controlfield tag="002">20161230</controlfield><controlfield tag="005">20170127233314</controlfield><controlfield tag="008">060222s1000------------r-----000-0-eng-d</controlfield><datafield ind1=" " ind2=" " tag="080"><subfield code="a">538.971(043)</subfield></datafield><datafield ind1=" " ind2=" " tag="100"><subfield code="a">Schreiner, Jochen</subfield></datafield><datafield ind1=" " ind2=" " tag="245"><subfield code="a">Phasenubergange auf ge(113)- und si(113)-oberf lachen. these</subfield></datafield><datafield ind1=" " ind2=" " tag="260"><subfield code="a">Berlin</subfield><subfield code="b">Copy-center In Dahlem</subfield><subfield code="c">1993</subfield></datafield><datafield ind1=" " ind2=" " tag="300"><subfield code="a">121 p</subfield></datafield><datafield ind1=" " ind2=" " tag="852"><subfield code="a">80097</subfield></datafield><datafield ind1=" " ind2=" " tag="CAT"><subfield code="a">SYS</subfield><subfield code="c">20170127</subfield><subfield code="h">233314</subfield></datafield></record></collection>